<collection xmlns="http://www.loc.gov/MARC21/slim"><record><leader>02370nam0 2200541   450</leader><controlfield tag="001">585</controlfield><controlfield tag="003">http://montalegre.opacnet.com/OPAC/default.aspx?ContentAreaControl=ShowRegHoldings.ascx&amp;RegNo=16662</controlfield><controlfield tag="005">20</controlfield><datafield tag="021" ind1=" " ind2=" "><subfield code="a">PT</subfield><subfield code="b">14783/87</subfield></datafield><datafield tag="100" ind1=" " ind2=" "><subfield code="a">20070518d1987----k  y0pory0103    ba</subfield></datafield><datafield tag="101" ind1="0" ind2=" "><subfield code="a">por</subfield></datafield><datafield tag="102" ind1=" " ind2=" "><subfield code="a">PT</subfield></datafield><datafield tag="200" ind1="1" ind2=" "><subfield code="a">Montalegre E Terras De Barroso</subfield><subfield code="e">Notas Históricas sobre Montalegre, Freguesias do Concelho e Região de Barroso</subfield><subfield code="f">João Gonçalves da Costa</subfield></datafield><datafield tag="205" ind1=" " ind2=" "><subfield code="a">2ª ed</subfield></datafield><datafield tag="210" ind1=" " ind2=" "><subfield code="a">Montalegre</subfield><subfield code="c">Câmara Municipal de Montalegre</subfield><subfield code="d">1987</subfield></datafield><datafield tag="215" ind1=" " ind2=" "><subfield code="a">Vol.I: 241, [2]p.</subfield><subfield code="d">21 cm</subfield></datafield><datafield tag="300" ind1=" " ind2=" "><subfield code="a">Notas Históricas sobre Montalegre, freguesias do concelho e região de barroso</subfield></datafield><datafield tag="607" ind1=" " ind2=" "><subfield code="a">Montalegre (concelho)</subfield><subfield code="2">Autoridade</subfield><subfield code="3">PT9999-00-10-2009040123590002471</subfield></datafield><datafield tag="607" ind1=" " ind2=" "><subfield code="a">Barroso</subfield><subfield code="2">Autoridade</subfield><subfield code="3">PT-----------2013110716210005967</subfield></datafield><datafield tag="610" ind1="0" ind2=" "><subfield code="a">Monografias regionais</subfield></datafield><datafield tag="675" ind1=" " ind2=" "><subfield code="a">908(469.202)</subfield></datafield><datafield tag="675" ind1=" " ind2=" "><subfield code="a">008(469.202)</subfield></datafield><datafield tag="700" ind1=" " ind2="1"><subfield code="a">Costa</subfield><subfield code="b">João Gonçalves da</subfield><subfield code="c">Padre</subfield><subfield code="f">1917-2006</subfield></datafield><datafield tag="801" ind1=" " ind2="0"><subfield code="a">PT</subfield><subfield code="b">Biblioteca Municipal de Montalegre</subfield><subfield code="g">RPC</subfield></datafield><datafield tag="856" ind1=" " ind2=" "><subfield code="u">locateMedia.asp?cod=20060518165102&amp;ext=jpg</subfield><subfield code="z">CAPA</subfield></datafield><datafield tag="909" ind1="&#9;" ind2=" "><subfield code="a">20</subfield></datafield><datafield tag="930" ind1=" " ind2=" "><subfield code="d">SCG 008(469.202) COS mon</subfield></datafield><datafield tag="930" ind1=" " ind2=" "><subfield code="d">PS 008(469.202) COS mon</subfield></datafield><datafield tag="930" ind1=" " ind2=" "><subfield code="d">SCG 908(469.202) COS mon</subfield></datafield><datafield tag="930" ind1=" " ind2=" "><subfield code="d">PS 908(469.202) COS mon</subfield></datafield><datafield tag="966" ind1=" " ind2=" "><subfield code="a">0015293</subfield><subfield code="l">BMM</subfield><subfield code="s">SCG 008(469.202) COS mon Vol.I</subfield></datafield><datafield tag="966" ind1=" " ind2=" "><subfield code="a">0015467</subfield><subfield code="l">BMM</subfield><subfield code="s">SCG 908(469.202) COS mon Vol.I</subfield></datafield><datafield tag="966" ind1=" " ind2=" "><subfield code="a">0014953</subfield><subfield code="l">BMM</subfield><subfield code="s">SCG 908(469.202) COS mon Vol.I</subfield></datafield><datafield tag="966" ind1=" " ind2=" "><subfield code="a">0016557</subfield><subfield code="l">BMM-PS</subfield><subfield code="s">PS 008(469.202) COS mon Vol.I</subfield></datafield><datafield tag="966" ind1=" " ind2=" "><subfield code="a">0017551</subfield><subfield code="l">BMM-PS</subfield><subfield code="s">PS 908(469.202) COS mon Vol.I</subfield></datafield><datafield tag="966" ind1=" " ind2=" "><subfield code="a">0017550</subfield><subfield code="l">BMM-PS</subfield><subfield code="s">PS 908(469.202) COS mon Vol.I</subfield></datafield><datafield tag="966" ind1=" " ind2=" "><subfield code="a">0015668</subfield><subfield code="d">I</subfield><subfield code="l">BMM</subfield><subfield code="s">SCG 908(469.202) COS mon</subfield></datafield><datafield tag="966" ind1=" " ind2=" "><subfield code="a">0019517</subfield><subfield code="d">I</subfield><subfield code="l">BMM</subfield><subfield code="s">SCG 908(469.202) COS mon</subfield></datafield><datafield tag="966" ind1=" " ind2=" "><subfield code="a">0019515</subfield><subfield code="d">I</subfield><subfield code="l">BMM</subfield><subfield code="s">SCG 908(469.202) COS mon</subfield></datafield><datafield tag="966" ind1=" " ind2=" "><subfield code="a">0019514</subfield><subfield code="d">I</subfield><subfield code="l">BMM</subfield><subfield code="s">SCG 908(469.202) COS mon</subfield></datafield><datafield tag="966" ind1=" " ind2=" "><subfield code="a">0019510</subfield><subfield code="d">I</subfield><subfield code="l">BMM</subfield><subfield code="s">SCG 908(469.202) COS mon</subfield></datafield><datafield tag="966" ind1=" " ind2=" "><subfield code="a">0019511</subfield><subfield code="d">I</subfield><subfield code="l">BMM</subfield><subfield code="s">SCG 908(469.202) COS mon</subfield></datafield><datafield tag="966" ind1=" " ind2=" "><subfield code="a">0019520</subfield><subfield code="d">I</subfield><subfield code="l">BMM</subfield><subfield code="s">SCG 908(469.202) COS mon</subfield></datafield><datafield tag="966" ind1=" " ind2=" "><subfield code="a">0019518</subfield><subfield code="d">I</subfield><subfield code="l">BMM</subfield><subfield code="s">SCG 908(469.202) COS mon</subfield></datafield><datafield tag="966" ind1=" " ind2=" "><subfield code="a">0019516</subfield><subfield code="d">I</subfield><subfield code="l">BMM</subfield><subfield code="s">SCG 908(469.202) COS mon</subfield></datafield><datafield tag="966" ind1=" " ind2=" "><subfield code="a">0019519</subfield><subfield code="d">I</subfield><subfield code="l">BMM</subfield><subfield code="s">SCG 908(469.202) COS mon</subfield></datafield><datafield tag="966" ind1=" " ind2=" "><subfield code="a">0019513</subfield><subfield code="d">I</subfield><subfield code="l">BMM</subfield><subfield code="s">SCG 908(469.202) COS mon</subfield></datafield><datafield tag="966" ind1=" " ind2=" "><subfield code="a">0019509</subfield><subfield code="d">I</subfield><subfield code="l">BMM</subfield><subfield code="s">SCG 908(469.202) COS mon</subfield></datafield><datafield tag="966" ind1=" " ind2=" "><subfield code="a">0019512</subfield><subfield code="d">I</subfield><subfield code="l">BMM</subfield><subfield code="s">SCG 908(469.202) COS mon</subfield></datafield><datafield tag="966" ind1=" " ind2=" "><subfield code="a">0019508</subfield><subfield code="d">I</subfield><subfield code="l">BMM</subfield><subfield code="s">SCG 908(469.202) COS mon</subfield></datafield></record></collection>